<record><leader>00000cas a2200000 a 4500</leader><controlfield tag="001">2266183</controlfield><controlfield tag="008">760620d19271960paudn ne      0    0eng c</controlfield><datafield ind1=" " ind2=" " tag="010"><subfield code="a">sn 83045724 </subfield></datafield><datafield ind1=" " ind2=" " tag="040"><subfield code="a">PIT</subfield><subfield code="b">eng</subfield><subfield code="c">PIT</subfield><subfield code="d">NPW</subfield><subfield code="d">NPV</subfield><subfield code="d">NPH</subfield><subfield code="d">DLC</subfield><subfield code="d">NPH</subfield><subfield code="d">CRL</subfield><subfield code="d">NPH</subfield><subfield code="d">NST</subfield><subfield code="d">CNW</subfield><subfield code="d">OCL</subfield><subfield code="d">OCLCQ</subfield><subfield code="d">DLC</subfield><subfield code="d">UKMGB</subfield><subfield code="d">OCLCQ</subfield><subfield code="d">OCLCF</subfield><subfield code="d">OCLCO</subfield><subfield code="d">CRL</subfield></datafield><datafield ind1=" " ind2=" " tag="012"><subfield code="i">8907</subfield></datafield><datafield ind1="7" ind2=" " tag="016"><subfield code="a">013914724</subfield><subfield code="2">Uk</subfield></datafield><datafield ind1=" " ind2=" " tag="042"><subfield code="a">pcc</subfield></datafield><datafield ind1=" " ind2=" " tag="043"><subfield code="a">n-us-pa</subfield></datafield><datafield ind1="0" ind2="0" tag="050"><subfield code="a">Newspaper</subfield></datafield><datafield ind1="0" ind2=" " tag="130"><subfield code="a">Pittsburgh post-gazette (Pittsburgh, Pa. : 1927)</subfield></datafield><datafield ind1="1" ind2="0" tag="245"><subfield code="a">Pittsburgh post-gazette.</subfield></datafield><datafield ind1=" " ind2=" " tag="260"><subfield code="a">Pittsburgh :</subfield><subfield code="b">P.-G. Pub. Co.,</subfield><subfield code="c">1927-1960.</subfield></datafield><datafield ind1=" " ind2=" " tag="300"><subfield code="a">34 v. :</subfield><subfield code="b">ill. ;</subfield><subfield code="c">64 cm.</subfield></datafield><datafield ind1=" " ind2=" " tag="310"><subfield code="a">Daily (except Sunday)</subfield></datafield><datafield ind1="0" ind2=" " tag="362"><subfield code="a">Aug. 2, 1927-Dec. 19, 1927 ; v. 1, no. 121 (Dec. 20, 1927-v. 33, no. 228 (Apr. 23, 1960).</subfield></datafield><datafield ind1=" " ind2=" " tag="500"><subfield code="a">Publishers: Paul Block, &lt;1927-1941&gt;; William Block and Paul Block, Jr., &lt;1955-1960&gt;.</subfield></datafield><datafield ind1=" " ind2=" " tag="500"><subfield code="a">Published a 150 year commemorative ed., Sept. 26, 1936.</subfield></datafield><datafield ind1=" " ind2=" " tag="530"><subfield code="a">Also issued on microfilm from the Library of Congress, Photoduplication Service, from Microfilm Corp. of Pa., from Micro Photo Div., Bell &amp; Howell Co., and from University Microfilms International.</subfield></datafield><datafield ind1=" " ind2="0" tag="651"><subfield code="a">Pittsburgh (Pa.)</subfield><subfield code="v">Newspapers.</subfield></datafield><datafield ind1=" " ind2="7" tag="651"><subfield code="a">Pennsylvania</subfield><subfield code="z">Pittsburgh.</subfield><subfield code="2">fast</subfield><subfield code="0">(OCoLC)fst01205171</subfield></datafield><datafield ind1=" " ind2="7" tag="655"><subfield code="a">Newspapers.</subfield><subfield code="2">fast</subfield><subfield code="0">(OCoLC)fst01423814</subfield></datafield><datafield ind1=" " ind2=" " tag="752"><subfield code="a">United States</subfield><subfield code="b">Pennsylvania</subfield><subfield code="c">Allegheny</subfield><subfield code="d">Pittsburgh.</subfield></datafield><datafield ind1="0" ind2="8" tag="776"><subfield code="i">Online version:</subfield><subfield code="t">Pittsburgh post-gazette (Pittsburgh, Pa. : 1927)</subfield><subfield code="w">(OCoLC)922701642</subfield></datafield><datafield ind1="0" ind2="4" tag="780"><subfield code="t">Pittsburgh post (Pittsburgh, Pa. 1887 : Daily)</subfield><subfield code="w">(DLC)sn 83025916</subfield><subfield code="w">(OCoLC)2266182</subfield></datafield><datafield ind1="0" ind2="4" tag="780"><subfield code="t">Pittsburgh gazette times</subfield><subfield code="w">(DLC)sn 84024548</subfield><subfield code="w">(OCoLC)2266169</subfield></datafield><datafield ind1="0" ind2="7" tag="785"><subfield code="t">Pittsburgh sun-telegraph</subfield><subfield code="w">(DLC)sn 84024538</subfield><subfield code="w">(OCoLC)2266192</subfield></datafield><datafield ind1="0" ind2="7" tag="785"><subfield code="t">Post-gazette and sun-telegraph</subfield><subfield code="w">(DLC)sn 87080411</subfield><subfield code="w">(OCoLC)16106579</subfield></datafield><datafield ind1=" " ind2=" " tag="850"><subfield code="a">ICRL</subfield></datafield><datafield ind1="1" ind2=" " tag="029"><subfield code="a">AU@</subfield><subfield code="b">000020370219</subfield></datafield></record>